@article{hui2013critical,
  title={A critical review of recent progress in mid-range wireless power transfer},
  author={Hui, Shu Yuen Ron and Zhong, Wenxing and Lee, Chi Kwan},
  journal={IEEE Transactions on Power Electronics},
  volume={29},
  number={9},
  pages={4500--4511},
  year={2013},
  publisher={IEEE}
}
@article{li2014wireless,
  title={Wireless power transfer for electric vehicle applications},
  author={Li, Siqi and Mi, Chunting Chris},
  journal={IEEE journal of emerging and selected topics in power electronics},
  volume={3},
  number={1},
  pages={4--17},
  year={2014},
  publisher={IEEE}
}
@article{fujita2017dynamic,
  title={A dynamic wireless power transfer system applicable to a stationary system},
  author={Fujita, Toshiyuki and Yasuda, Tomio and Akagi, Hirofumi},
  journal={IEEE Transactions on Industry Applications},
  volume={53},
  number={4},
  pages={3748--3757},
  year={2017},
  publisher={IEEE}
}
@article{choi2014advances,
  title={Advances in wireless power transfer systems for roadway-powered electric vehicles},
  author={Choi, Su Y and Gu, Beom W and Jeong, Seog Y and Rim, Chun T},
  journal={IEEE Journal of emerging and selected topics in power electronics},
  volume={3},
  number={1},
  pages={18--36},
  year={2014},
  publisher={IEEE}
}

@article{bagchi2021review,
  title={Review and comparative analysis of topologies and control methods in dynamic wireless charging of electric vehicles},
  author={Bagchi, Anindya Chitta and Kamineni, Abhilash and Zane, Regan Andrew and Carlson, Richard},
  journal={IEEE Journal of Emerging and Selected Topics in Power Electronics},
  volume={9},
  number={4},
  pages={4947--4962},
  year={2021},
  publisher={IEEE}
}
@article{rozman2019smart,
  title={Smart wireless power transmission system for autonomous EV charging},
  author={Rozman, Matjaz and Ikpehai, Augustine and Adebisi, Bamidele and Rabie, Khaled M and Gacanin, Haris and Ji, Helen and Fernando, Michael},
  journal={IEEE Access},
  volume={7},
  pages={112240--112248},
  year={2019},
  publisher={IEEE}
}
@article{trivino2021wireless,
  title={Wireless power transfer technologies applied to electric vehicles: A review},
  author={Trivi{\~n}o, Alicia and Gonz{\'a}lez-Gonz{\'a}lez, Jos{\'e} M and Aguado, Jos{\'e} A},
  journal={Energies},
  volume={14},
  number={6},
  pages={1547},
  year={2021},
  publisher={MDPI}
}
